@article{Zhao2021,
  author = {Zhao, Y. and Pinto Llorente, A. M. and Sánchez Gómez, M. C.},
  title = {Digital competence in higher education research: A systematic literature review},
  journal = {Computers \& Education},
  volume = {168},
  pages = {104212},
  year = {2021},
  issn = {0360--1315},
  doi = {10.1016/j.compedu.2021.104212},
  url = {https://www.sciencedirect.com/science/article/pii/S0360131521000890}
}

@article{Bartholomew2009,
  author = {Bartholomew, D. J. and Deary, I. J. and Lawn, M.}, 
  title = {The origin of factor scores: spearman, thomson and bartlett}, 
  journal = {British Journal of Mathematical and Statistical Psychology}, 
  year = {2009}, 
  volume = {62}, 
  issue = {3}, 
  pages = {569--582}, 
  doi = {10.1348/000711008x365676} 
}

@article{Kendall1938,
 author = {M. G. Kendall},
 journal = {Biometrika},
 year = {1938},
 volume = {30},
 number = {1/2},
 pages = {81--93},
 publisher = {[Oxford University Press, Biometrika Trust]},
 title = {A New Measure of Rank Correlation},
 ISSN = {00063444},
 URL = {http://www.jstor.org/stable/2332226},
 urldate = {2025-01-22}
}

@article{Goretzko2023,
  author = {Goretzko, D. and Siemund, K. and Sterner, P.},
  title = {Evaluating model fit of measurement models in confirmatory factor analysis},
  journal = {Educational and Psychological Measurement},
  year = {2023},
  volume = {84},
  number = {1},
  pages = {123--144},
  doi = {10.1177/00131644231163813}
}

@article{mcneish_wolf_2023,
  author       = {McNeish, D. and Wolf, M. G.},
  title        = {Dynamic fit index cutoffs for confirmatory factor analysis models},
  journal      = {Psychological Methods},
  year         = {2023},
  volume       = {28},
  number       = {1},
  pages        = {61--88},
  doi          = {10.1037/met0000425}
}

@misc{mediaeducationlab2020,
  author       = {{Media Education Lab}},
  title        = {Medialogues on Propaganda: Final Report},
  year         = {2020},
  url          = {https://mediaeducationlab.com/sites/default/files/FINAL%20REPORT%2C%20Medialogues%20on%20Propaganda.pdf},
  publisher    = {Media Education Lab, University of Rhode Island; Media Education and Educational Technology Lab, University of Wuerzburg; Media Literacy Now},
  note         = {Supported by the U.S. Embassy Berlin, Public Affairs Section (PAS). Accessed: 2025-01-07}
}

@misc{richter_scheiter_2023,
  author       = {Richter, D. and Scheiter, K.},
  title        = {Kompetenzverbund Lernen.Digital},
  year         = {2023},
  month        = {October},
  day          = {11},
  url          = {https://schule21.blog/2023/10/11/kompetenzverbund-lernendigital/},
  publisher    = {Bertelsmann Stiftung},
  note         = {Accessed: 2025-01-07, published on Schule21 Blog}
}

@article{fodor2017,
  author = {Jong, J. P. d. and Fodor, O. C.},
  title = {Attuning to individual work routines and team performance},
  journal = {Team Performance Management},
  year = {2017},
  volume = {23},
  number = {7/8},
  pages = {385--406},
  doi = {10.1108/tpm-01-2017-0001}
}

@article{paletz2013,
  author = {Paletz, S. B. F. and Kim, K. H. and Schunn, C. D. and Tollinger, I. and Vera, A.},
  title = {Reuse and recycle: the development of adaptive expertise, routine expertise, and novelty in a large research team},
  journal = {Applied Cognitive Psychology},
  year = {2013},
  volume = {27},
  number = {4},
  pages = {415--428},
  doi = {10.1002/acp.2928}
}

@article{earley1990,
  author = {Earley, P. C. and Lee, C. and Hanson, L. A.},
  title = {Joint moderating effects of job experience and task component complexity: relations among goal setting, task strategies, and performance},
  journal = {Journal of Organizational Behavior},
  year = {1990},
  volume = {11},
  number = {1},
  pages = {3--15},
  doi = {10.1002/job.4030110104}
}

@article{cronbach1955,
  author    = {Cronbach, L. J. and Meehl, P. E.},
  title     = {Construct validity in psychological tests},
  journal   = {Psychological Bulletin},
  volume    = {52},
  number    = {4},
  pages     = {281},
  year      = {1955},
  publisher = {American Psychological Association}
}

@article{hubley1996,
  author    = {Hubley, A. M. and Zumbo, B. D.},
  title     = {A dialectic on validity: Where we have been and where we are going},
  journal   = {The Journal of General Psychology},
  volume    = {123},
  number    = {3},
  pages     = {207--215},
  year      = {1996},
  publisher = {Taylor \& Francis}
}

@book{gregory2004,
  author    = {Gregory, R. J.},
  title     = {Psychological Testing: History, Principles, and Applications},
  year      = {2004},
  publisher = {Pearson Education India}
}

@misc{schultze2024,
  author       = {Schultze, M. and Lorenz, T.},
  title        = {I choo-choo-choose you: A tutorial on automated item selection in scale construction},
  year         = {2024},
  month        = {September},
  day          = {25},
  doi          = {10.31234/osf.io/pkm3q},
  url          = {https://doi.org/10.31234/osf.io/pkm3q},
  note         = {Preprint available on OSF}
}

@book{buehner2021,
  author    = {Bühner, M.},
  title     = {Einführung in die Test- und Fragebogenkonstruktion},
  edition   = {4., korrigierte und erweiterte Auflage},
  year      = {2021},
  publisher = {Hogrefe Verlag},
  address   = {Göttingen},
  pages     = {752},
  isbn      = {978-3-86894-326-9},
  eisbn     = {978-3-86326-813-8}
}

@incollection{NormanRumelhart1975,
  author    = {Norman, D. A. and Rumelhart, D. E.},
  title     = {Memory and Knowledge},
  booktitle = {Explorations in Cognition},
  editor    = {Norman, D. A. and Rumelhart, D. E. and the LNR Research Group},
  year      = {1975},
  publisher = {Freeman},
  address   = {San Francisco}
}

@book{carroll1993,
  author    = {Carroll, J. B.},
  title     = {Human Abilities: Their Nature and Measurement},
  year      = {1993},
  publisher = {Cambridge University Press}
}

@book{brown2006,
  author    = {Brown, T. A.},
  title     = {Confirmatory Factor Analysis for Applied Research},
  year      = {2006},
  publisher = {Guilford Press},
  address   = {New York}
}

@article{wirth2007,
  author    = {Wirth, R. J. and Edwards, M. C.},
  title     = {Item factor analysis: Current approaches and future directions},
  journal   = {Psychological Methods},
  year      = {2007},
  volume    = {12},
  number    = {1},
  pages     = {58--79},
  month     = {Mar},
  doi       = {10.1037/1082-989X.12.1.58},
  pmid      = {17402812},
  pmc       = {PMC3162326},
  publisher = {American Psychological Association},
  address   = {United States},
  grant     = {R01 DA015398/DA/NIDA NIH HHS/United States; F31 DA017546/DA/NIDA NIH HHS/United States},
  issn      = {1082-989X}
}

@manual{schmalbach2019,
  author       = {Schmalbach, B. and Irmer, J. P. and Schultze, M.},
  title        = {Fit Measure Cutoffs in SEM},
  year         = {2019},
  note         = {R package version 1.0.1},
  description  = {Calculate cutoff values for model fit measures used in structural equation modeling (SEM) by simulating and testing data sets (cf. Hu \& Bentler, 1999 \url{https://doi.org/10.1080/10705519909540118}) with the same parameters (population model, number of observations, etc.) as the model under consideration.},
  depends      = {R (>= 2.15.1)},
  imports      = {doSNOW, foreach, ggplot2, lavaan, moments, parallel, progress, stats, utils},
  suggests     = {boot},
  maintainer   = {Bjarne Schmalbach <bjarne.schmalbach@gmail.com>},
  license      = {GPL-3},
  encoding     = {UTF-8},
  lazydata     = {true},
  roxygennote  = {6.1.1},
  url          = {https://CRAN.R-project.org/package=semfitcutoffs},
  repository   = {CRAN},
  date         = {2019-12-04},
  doi          = {10.1080/10705519909540118}
}

@techreport{green1998,
  author      = {Green, F.},
  title       = {The Value of Skills},
  institution = {University of Kent, Department of Economics},
  type        = {Department of Economics Discussion Paper},
  number      = {9819},
  year        = {1998},
  address     = {Canterbury}
}

@article{riordan1994,
  author    = {Riordan, C. M. and Vandenberg, R. J.},
  title     = {A central question in cross-cultural research: Do employees of different cultures interpret work-related measures in an equivalent manner?},
  journal   = {Journal of Management},
  volume    = {20},
  number    = {3},
  pages     = {643--671},
  year      = {1994},
  doi       = {10.1177/014920639402000307},
  url       = {https://doi.org/10.1177/014920639402000307},
  eprint    = {https://doi.org/10.1177/014920639402000307}
}

@article{cheung2002,
  author    = {Cheung, G. W. and Rensvold, R. B.},
  title     = {Evaluating goodness-of-fit indexes for testing measurement invariance},
  journal   = {Structural Equation Modeling: A Multidisciplinary Journal},
  volume    = {9},
  number    = {2},
  pages     = {233--255},
  year      = {2002},
  publisher = {Routledge},
  doi       = {10.1207/S15328007SEM0902_5},
  url       = {https://doi.org/10.1207/S15328007SEM0902_5},
  eprint    = {https://doi.org/10.1207/S15328007SEM0902_5}
}

@article{tomar2023,
  author    = {Tomar, M.},
  title     = {Assessing information literacy programs in academic libraries: A comprehensive review},
  journal   = {International Journal of Information Studies},
  year      = {2023},
  volume    = {15},
  issue     = {4},
  pages     = {108--118},
  doi       = {10.6025/ijis/2023/15/4/108-118},
  url       = {https://www.dline.info/ijis/pages/previous-issue/v15i42023/v15i42023.php}
}

@article{brown2002,
  author    = {Brown, C. and Krumholz, L. R.},
  title     = {Integrating information literacy into the science curriculum},
  journal   = {College & Research Libraries},
  year      = {2002},
  volume    = {63},
  issue     = {2},
  pages     = {111--123},
  doi       = {10.5860/crl.63.2.111}
}

@article{ahmed2020,
  author    = {Ahmed, S. and Rasheed, T.},
  title     = {Relationship between personality traits and digital literacy skills: A study of university librarians},
  journal   = {Digital Library Perspectives},
  year      = {2020},
  volume    = {36},
  pages     = {191--206},
  doi       = {10.1108/dlp-02-2020-0005}
}

@article{keshavarz2021,
  author    = {Keshavarz, H.},
  title     = {Personality factors and knowledge sharing behavior in information services: The mediating role of information literacy competencies},
  year      = {2021},
  doi       = {10.1108/VJIKMS-05-2020-0095}
}

@article{mischel1973,
  author    = {Mischel, W.},
  title     = {Toward a cognitive social learning reconceptualization of personality},
  journal   = {Psychological Review},
  year      = {1973},
  volume    = {80},
  number    = {4},
  pages     = {252--283},
  doi       = {10.1037/H0035002}
}

@article{dweck1988,
  author    = {Dweck, C. and Leggett, E. L.},
  title     = {A social-cognitive approach to motivation and personality},
  journal   = {Psychological Review},
  year      = {1988},
  volume    = {95},
  number    = {2},
  pages     = {256--273},
  doi       = {10.1037/0033-295X.95.2.256}
}

@article{komarraju2011,
  author    = {Komarraju, M. and Karau, S. J. and Schmeck, R. R. and Advic, A.},
  title     = {The Big Five personality traits, learning styles, and academic achievement},
  journal   = {Personality and Individual Differences},
  year      = {2011},
  volume    = {51},
  number    = {4},
  pages     = {472--477},
  issn      = {0191-8869},
  doi       = {10.1016/j.paid.2011.04.019},
  url       = {https://www.sciencedirect.com/science/article/pii/S0191886911002194},
  keywords  = {Learning styles, Big Five, Academic achievement, Synthesis-analysis, Conscientiousness, Reflective, Openness, Elaborative processing},
  note      = {Digit Ratio (2D:4D) and Individual Differences Research}
}

@article{komarraju2009,
  author    = {Komarraju, M. and Karau, S. J. and Schmeck, R. R.},
  title     = {Role of the Big Five personality traits in predicting college students' academic motivation and achievement},
  journal   = {Learning and Individual Differences},
  volume    = {19},
  number    = {1},
  pages     = {47--52},
  year      = {2009},
  issn      = {1041-6080},
  doi       = {10.1016/j.lindif.2008.07.001},
  url       = {https://www.sciencedirect.com/science/article/pii/S1041608008000587}
}

@article{saleh2018,
  author    = {Saleh, S. and Ashari, Z. M. and Kosnin, A. M.},
  title     = {Personality traits and intrinsic motivation on academic performance},
  journal   = {International Journal of Engineering \& Technology},
  year      = {2018},
  volume    = {7},
  number    = {4.28},
  pages     = {317--322},
  doi       = {10.14419/ijet.v7i4.28.22607}
}

@article{mahmood2021,
  author    = {Mahmood, M. and Frolova, Y. and Gupta, B.},
  title     = {The HEXACO, academic motivation and learning approaches: evidence from a central Asian country},
  journal   = {Education + Training},
  year      = {2021},
  volume    = {63},
  number    = {6},
  pages     = {920--938},
  doi       = {10.1108/ET-11-2019-0257},
  publisher = {Emerald Publishing Limited},
  url       = {https://doi.org/10.1108/ET-11-2019-0257}
}

@article{elander2004,
  author    = {Elander, J.},
  title     = {Student Assessment from a Psychological Perspective},
  journal   = {Psychology Learning \& Teaching},
  year      = {2004},
  volume    = {3},
  number    = {2},
  pages     = {114--121},
  doi       = {10.2304/plat.2003.3.2.114},
  url       = {https://doi.org/10.2304/plat.2003.3.2.114},
  eprint    = {https://doi.org/10.2304/plat.2003.3.2.114}
}

@article{ross2005,
  author    = {Ross, M. E. and Blackburn, M. and Forbes, S.},
  title     = {Reliability Generalization of the Patterns of Adaptive Learning Survey Goal Orientation Scales},
  journal   = {Educational and Psychological Measurement},
  year      = {2005},
  volume    = {65},
  number    = {3},
  pages     = {451--464},
  doi       = {10.1177/0013164404272496},
  url       = {https://doi.org/10.1177/0013164404272496},
  eprint    = {https://doi.org/10.1177/0013164404272496}
}

@mastersthesis{deahl2014,
  author    = {Deahl, E.},
  title     = {Better the Data You Know: Developing Youth Data Literacy in Schools and Informal Learning Environments},
  school    = {Massachusetts Institute of Technology},
  year      = {2014},
  type      = {M.S. Thesis}
}

@article{williams2014,
  author    = {Williams, S. and Deahl, E. and Rubel, L. and Lim, V.},
  title     = {City Digits: Local Lotto: Developing Youth Data Literacy by Investigating the Lottery},
  journal   = {Journal of Digital Media Literacy},
  year      = {2014}
}

@article{kouts-klemm2019,
  author    = {Kõuts-Klemm, R.},
  title     = {Data literacy among journalists: A skills-assessment based approach},
  journal   = {Central European Journal of Communication},
  volume    = {12},
  number    = {24},
  pages     = {299--315},
  year      = {2019},
  doi       = {10.19195/1899-5101.12.3(24).2}
}

@article{lusiyana2020,
  author    = {Lusiyana, A. and Festiyed, F. and Yulkifli, Y.},
  title     = {Measuring the physics students’ data literacy skill in the era of industry 4.0 by using mirecal learning model},
  journal   = {International Journal of Scientific and Technology Research},
  volume    = {9},
  number    = {1},
  pages     = {1203--1205},
  url={https://api.semanticscholar.org/CorpusID:216552579},
  year      = {2020}
}

@inproceedings{callingham2006,
  author    = {Callingham, Rosemary},
  title     = {Assessing Statistical Literacy: A Question of Interpretation?},
  booktitle = {International Conference on Teaching Statistics (ICOTS7)},
  year      = {2006},
  address   = {Salvador, Brazil}
}

@incollection{carlson2014,
  author    = {Carlson, J. and Fosmire, M. and Miller, C. C. and Nelson, M. S.},
  title     = {Determining Data Information Literacy Needs},
  booktitle = {Data Information Literacy: Librarians, Data, and the Education of a New Generation of Researchers},
  editor    = {Carlson, J. and Johnston, M.},
  year      = {2014},
  chapter   = {11},
  publisher = {Purdue University Press}
}

@inproceedings{vahey2006,
  author    = {Vahey, P. and Yarnall, L. and Patton, C. and Zalles, D. and Swan, K.},
  title     = {Mathematizing Middle School: Results from a Cross-Disciplinary Study of Data Literacy},
  booktitle = {Annual Meeting of the American Educational Research Association},
  year      = {2006},
  address   = {San Francisco, CA}
}

@book{fowler1995,
  author    = {Fowler, F. J., Jr.},
  title     = {Improving Survey Questions: Design and Evaluation},
  year      = {1995},
  publisher = {Sage Publications, Inc.},
  address   = {Thousand Oaks, CA}
}

@article{buss1983,
  author = {Buss, D. and Craik, K.},
  year = {1983},
  month = {04},
  pages = {105--126},
  title = {The Act Frequency Approach to Personality},
  volume = {90},
  journal = {Psychological Review},
  doi = {10.1037/0033-295X.90.2.105}
}

@inbook{john2008,
  author = {John, O. and Naumann, L. and Soto, C.},
  year = {2008},
  month = {01},
  pages = {114--158},
  title = {Paradigm shift to the integrative big five trait taxonomy: History, measurement, and conceptual issues},
  journal = {Handbook of Personality: Theory and Research, 3rd Edn.}
}

@article{rosseel2012,
    title = {{lavaan}: An {R} Package for Structural Equation Modeling},
    author = {Rosseel, Y.},
    journal = {Journal of Statistical Software},
    year = {2012},
    volume = {48},
    number = {2},
    pages = {1--36},
    doi = {10.18637/jss.v048.i02},
}

@article{blum2003,
    author = {Blum, C. and Roli, A.},
    title = {Metaheuristics in combinatorial optimization: Overview and conceptual comparison},
    year = {2003},
    issue_date = {September 2003},
    publisher = {Association for Computing Machinery},
    address = {New York, NY, USA},
    volume = {35},
    number = {3},
    issn = {0360-0300},
    url = {https://doi.org/10.1145/937503.937505},
    doi = {10.1145/937503.937505},
    journal = {ACM Comput. Surv.},
    month = {sep},
    pages = {268–308},
    numpages = {41}
}

@article{hu1999,
    author = {Hu, L. and Bentler, P. M.},
    title = {Cutoff criteria for fit indexes in covariance structure analysis: Conventional criteria versus new alternatives},
    journal = {Structural Equation Modeling: A Multidisciplinary Journal},
    volume = {6},
    number = {1},
    pages = {1--55},
    year = {1999},
    publisher = {Routledge},
    doi = {10.1080/10705519909540118}
}

@article{kass1979,
    author = {Kass, R. A. and Tinsley, H. E. A.},
    title = {Factor Analysis},
    journal = {Journal of Leisure Research},
    volume = {11},
    number = {2},
    pages = {120--138},
    year = {1979},
    publisher = {Routledge},
    doi = {10.1080/00222216.1979.11969385}
}

@article{chen2007,
    author = {Chen, F. F.},
    title = {Sensitivity of Goodness of Fit Indexes to Lack of Measurement Invariance},
    journal = {Structural Equation Modeling: A Multidisciplinary Journal},
    volume = {14},
    number = {3},
    pages = {464--504},
    year = {2007},
    publisher = {Routledge},
    doi = {10.1080/10705510701301834}
}

@article{galan2013,
  author = {Galán, S. F. and Mengshoel, O. J. and Pinter, R.},
  title = {A Novel Mating Approach for Genetic Algorithms},
  journal = {Evolutionary Computation},
  year = {2013},
  volume = {21},
  number = {2},
  pages = {197--229},
  month = {Summer},
  doi = {10.1162/EVCO_a_00067},
  pmid = {22264097},
  note = {Epub 2012 Mar 12}
}

@book{holland1992,
    author = {Holland, J. H.},
    title = "{Adaptation in Natural and Artificial Systems: An Introductory Analysis with Applications to Biology, Control, and Artificial Intelligence}",
    publisher = {The MIT Press},
    year = {1992},
    month = {04},
    isbn = {9780262275552},
    doi = {10.7551/mitpress/1090.001.0001},
    url = {https://doi.org/10.7551/mitpress/1090.001.0001},
}

@manual{schultze2022,
    title = {stuart: Subtests Using Algorithmic Rummaging Techniques},
    author = {Schultze, M.},
    year = {2022},
    note = {R package version 0.10.2},
}

@article{kerber2022,
  author = {Kerber, A. and Schultze, M. and Müller, S. and Rühling, R. M. and Wright, A. G. C. and Spitzer, C. and Krueger, R. F. and Knaevelsrud, C. and Zimmermann, J.},
  title = {Development of a Short and ICD-11 Compatible Measure for DSM-5 Maladaptive Personality Traits Using Ant Colony Optimization Algorithms},
  journal = {Assessment},
  year = {2022},
  volume = {29},
  number = {3},
  pages = {467--487},
  month = {Apr},
  doi = {10.1177/1073191120971848},
  pmid = {33371717},
  note = {Epub 2020 Dec 28}
}

@phdthesis{schultze2017,
  author = {Schultze, M.},
  title = {Constructing Subtests Using Ant Colony Optimization},
  year = {2017},
  school = {Freie Universität Berlin},
  type = {Doctoral dissertation},
  address = {Berlin}
}

@article{olaru2021,
  author = {Olaru, G. and Danner, D.},
  title = {Developing Cross-Cultural Short Scales Using Ant Colony Optimization},
  journal = {Assessment},
  year = {2021},
  volume = {28},
  number = {1},
  pages = {199--210},
  month = {Jan},
  doi = {10.1177/1073191120918026},
  pmid = {32418476},
  note = {Epub 2020 May 16}
}

@article{schroeders2016,
    author = {Schroeders, U. and Wilhelm, O. and Olaru, G.},
    journal = {PLOS ONE},
    publisher = {Public Library of Science},
    title = {Meta-Heuristics in Short Scale Construction: Ant Colony Optimization and Genetic Algorithm},
    year = {2016},
    month = {11},
    volume = {11},
    pages = {1-19},
    number = {11},
    url = {https://doi.org/10.1371/journal.pone.0167110},
    doi = {10.1371/journal.pone.0167110}
}

@article{sandy2014,
  author = {Sandy, C. J. and Gosling, S. D. and Koelkebeck, T.},
  year = {2014},
  month = {01},
  pages = {221--235},
  title = {Psychometric Comparison of Automated Versus Rational Methods of Scale Abbreviation: An Illustration Using a Brief Measure of Values},
  volume = {35},
  journal = {Journal of Individual Differences},
  doi = {10.1027/1614-0001/a000144}
}

@article{olaru2015,
  author = {Olaru, G. and Witthöft, M. and Wilhelm, O.},
  title = {Methods matter: testing competing models for designing short-scale Big Five assessments},
  journal = {Journal of Research in Personality},
  year = {2015},
  volume = {59},
  pages = {56--68},
  doi = {10.1016/j.jrp.2015.09.001}
}

@article{leite2008,
  author = {Leite, W. L. and Huang, I.-C. and Marcoulides, G. A.},
  title = {Item selection for the development of short forms of scales using an ant colony optimization algorithm},
  journal = {Multivariate Behavioral Research},
  year = {2008},
  volume = {43},
  pages = {411--431},
  doi = {10.1080/00273170802285743}
}

@article{rammstedt2007,
  author = {Rammstedt, B. and John, O. P.},
  title = {Measuring personality in one minute or less: A 10-item short version of the Big Five Inventory in English and German},
  journal = {Journal of Research in Personality},
  year = {2007},
  volume = {41},
  number = {1},
  pages = {203--212},
  doi = {10.1016/j.jrp.2006.02.001}
}

@article{cacioppo1982,
  author = {Cacioppo, J. T. and Petty, R. E.},
  title = {The need for cognition},
  journal = {Journal of Personality and Social Psychology},
  year = {1982},
  volume = {42},
  number = {1},
  pages = {116--131},
  doi = {10.1037/0022-3514.42.1.116}
}

@article{brandgruwel2009,
  author = {Brand-Gruwel, S. and Wopereis, I. and Walraven, A.},
  title = {A descriptive model of information problem solving while using internet},
  journal = {Computers & Education},
  volume = {53},
  number = {4},
  pages = {1207--1217},
  year = {2009},
  note = {Learning with ICT: New perspectives on help seeking and information searching},
  issn = {0360-1315},
  doi = {https://doi.org/10.1016/j.compedu.2009.06.004},
  url = {https://www.sciencedirect.com/science/article/pii/S0360131509001511}
}

@article{schneider2024,
  author = {Schneider, J. and Striebing, C. and Hochfeld, K. and Lorenz, T.},
  title = {Establishing circularity: development and validation of the circular work value scale (CWVS)},
  journal = {Frontiers in Psychology},
  volume = {15},
  year = {2024},
  doi = {10.3389/fpsyg.2024.1296282}
}

@article{remmert2022,
  author = {Remmert, N. and Schmidt, K. M. B. and Mussel, P. and Hagel, M. L. and Eid, M.},
  title = {The Berlin Misophonia Questionnaire Revised (BMQ-R): Development and validation of a symptom-oriented diagnostical instrument for the measurement of misophonia},
  journal = {PLOS ONE},
  publisher = {Public Library of Science},
  year = {2022},
  month = {06},
  volume = {17},
  pages = {1--27},
  doi = {10.1371/journal.pone.0269428}
}

@article{algner2022,
  author = {Algner, M. and Lorenz, T.},
  title = {You're Prettier When You Smile: Construction and Validation of a Questionnaire to Assess Microaggressions Against Women in the Workplace},
  journal = {Frontiers in Psychology},
  year = {2022},
  volume = {13},
  doi = {10.3389/fpsyg.2022.809862}
}

@article{moshagen2024,
  author = {Moshagen, M. and Bader, M.},
  title = {semPower: General power analysis for structural equation models},
  journal = {Behavior Research Methods},
  year = {2024},
  volume = {56},
  pages = {2901--2922},
  doi = {10.3758/s13428-023-02254-7}
}

@article{rammstedt2014,
  author = {Rammstedt, B. and Kemper, C. J. and Klein, M. C. and Beierlein, C. and Kovaleva, A.},
  title = {Big Five Inventory (BFI-10)},
  journal = {Zusammenstellung sozialwissenschaftlicher Items und Skalen (ZIS)},
  publisher = {ZIS - GESIS Leibniz Institute for the Social Sciences},
  year = {2014},
  url = {https://zis.gesis.org/DoiId/zis76},
  doi = {10.6102/zis76}
}

@article{beißert2015,
  author = {Beißert, H. and Köhler, M. and Rempel, M. and Beierlein, C.},
  title = {Deutschsprachige Kurzskala zur Messung des Konstrukts Need for Cognition NFC-K},
  journal = {Zusammenstellung sozialwissenschaftlicher Items und Skalen (ZIS)},
  publisher = {ZIS - GESIS Leibniz Institute for the Social Sciences},
  year = {2015},
  url = {https://zis.gesis.org/DoiId/zis230},
  doi = {10.6102/zis230}
}

@article{schauffel2021,
  author = {Schauffel, N. and Schmidt, I. and Peiffer, H. and Ellwart, T.},
  title = {ICT Self-Concept Scale (ICT-SC25)},
  language = {en},
  journal = {Zusammenstellung sozialwissenschaftlicher Items und Skalen (ZIS)},
  publisher = {ZIS - GESIS Leibniz Institute for the Social Sciences},
  year = {2021},
  url = {https://zis.gesis.org/DoiId/zis308_exz},
  doi = {10.6102/zis308_exz}
}

@techreport{behm2018,
  author = {Behm, T.},
  title = {SWE-IV-16: Skala zur Erfassung der Informationsverhaltensbezogenen Selbstwirksamkeitserwartung [Verfahrensdokumentation, Fragebogen deutsche und englische Version (SES-IB-16)]},
  institution = {Leibniz-Institut für Psychologie (ZPID)},
  year = {2018},
  type = {Open Test Archive},
  address = {Trier},
  url = {https://doi.org/10.23668/psycharchives.4598}
}

@article{costa1992,
  author = {Costa, P. T. and McCrae, R. R.},
  title = {The five-factor model of personality and its relevance to personality disorders},
  journal = {Journal of Personality Disorders},
  year = {1992},
  volume = {6},
  number = {4},
  pages = {343--359},
  doi = {10.1521/pedi.1992.6.4.343}
}

@article{toegel2012,
  author = {Toegel, G. and Barsoux, J.-L.},
  year = {2012},
  month = {03},
  title = {How to Become a Better Leader},
  journal = {MIT Sloan Management Review},
  volume = {53},
  pages = {51--60}
}

@article{deyoung2010,
  author = {DeYoung, C. G. and Hirsh, J. B. and Shane, M. S. and Papademetris, X. and Rajeevan, N. and Gray, J. R.},
  title = {Testing predictions from personality neuroscience: Brain structure and the big five},
  journal = {Psychological Science},
  year = {2010},
  volume = {21},
  number = {6},
  pages = {820--828},
  doi = {10.1177/0956797610370159}
}

@book{ambridge2014,
  author = {Ambridge, B.},
  title = {Psy-Q: You know your IQ - now test your psychological intelligence},
  year = {2014},
  publisher = {Profile},
  address = {London},
  pages = {11},
  isbn = {9781782830238},
  month = {07}
}

@article{brandmaier2024,
  author = {Brandmaier, A. M. and Peikert, A.},
  title = {Automated Reproducibility Testing in R Markdown},
  year = {2024},
  journal = {Preprint},
  month = {06},
  note = {Retrieved from \url{https://doi.org/10.31234/osf.io/3zjvf}}
}

@misc{BfA2024,
title        = {Arbeitslosenzahl in Deutschland im Jahresdurchschnitt von 2005 bis 2024},
author       = {{Bundesargentur für Arbeit}},
publisher    = {Statista},
year         = {2024},
note         = {Accessed: 08/07/2024},
howpublished = {\url{https://de.statista.com/statistik/daten/studie/1223/umfrage/arbeitslosenzahl-in-deutschland-jahresdurchschnittswerte/#:~:text=Im%20Monat%20Juni%202024%20waren,um%20rund%20178.800%20Personen%20höher}}
}

@misc{StBA2023a,
title        = {Durchschnittsalter der Bevölkerung in Deutschland nach Geschlecht von 2011 bis 2022},
author       = {{Statistisches Bundesamt}},
publisher    = {Statista},
year         = {2023},
note         = {Accessed: 08/07/2024},
howpublished = {\url{https://de.statista.com/statistik/daten/studie/1084446/umfrage/durchschnittsalter-der-bevoelkerung-in-deutschland-nach-geschlecht/}}
}

@misc{StBA2023b,
title        = {Leichter Rückgang: Vollzeitbeschäftigte arbeiteten 2022 durchschnittlich 40,0 Wochenstunden.},
author       = {{Statistisches Bundesamt}},
year         = {2023},
type         = {Pressemitteilung Nr. N047 vom 28. August 2023},
url          = {https://www.destatis.de/DE/Presse/Pressemitteilungen/2023/08/PD23_N047_13.html},
urldate      = {08/07/2024}
}

@misc{StBA2024a,
title        = {Bevölkerung nach Nationalität und Geschlecht 1970 bis 2023 in Deutschland.},
author       = {{Statistisches Bundesamt}},
year         = {2024},
note         = {Accessed: 08/07/2024},
howpublished = {\url{https://www.destatis.de/DE/Themen/Gesellschaft-Umwelt/Bevoelkerung/Bevoelkerungsstand/Tabellen/deutsche-nichtdeutsche-bevoelkerung-nach-geschlecht-deutschland}}
}

@misc{StBA2024b,
title        = {Bevölkerung nach dem Gebietsstand und Durchschnitts­alter 1990 bis 2023.},
author       = {{Statistisches Bundesamt}},
year         = {2024},
note         = {Accessed: 08/07/2024},
howpublished = {\url{https://www.destatis.de/DE/Themen/Gesellschaft-Umwelt/Bevoelkerung/Bevoelkerungsstand/Tabellen/bevoelkerungsstand-gebietsstand-werte.html}}
}

@misc{StBA2024c,
title        = {Anzahl der Studierenden an Hochschulen in Deutschland in den Wintersemestern von 2002/2003 bis 2023/2024},
author       = {{Statistisches Bundesamt}},
publisher    = {Statista},
year         = {2024},
note         = {Accessed: 08/07/2024},
howpublished = {\url{https://de.statista.com/statistik/daten/studie/221/umfrage/anzahl-der-studenten-an-deutschen-hochschulen/}}
}

@article{risdale2015,
  author = {Ridsdale, C. and Rothwell, J. and Smit, M. and Ali-Hassan, H. and Bliemel, M. and Irvine, D. and Kelley, D. R. and Matwin, S. and Wuetherick, B.},
  year = {2015},
  month = {01},
  title = {Strategies and Best Practices for Data Literacy Education Knowledge Synthesis Report},
  doi = {10.13140/RG.2.1.1922.5044}
}

@article{Leighton2021,
  author = {Leighton, J. P. and Cui, Y. and Cutumisu, M.},
  title = {Key Information Processes for Thinking Critically in Data-Rich Environments},
  journal = {Frontiers in Education},
  volume = {6},
  year = {2021},
  doi = {10.3389/feduc.2021.561847},
  issn = {2504-284X},
  url = {https://www.frontiersin.org/journals/education/articles/10.3389/feduc.2021.561847}
}

@article{Chen2024,
  author    = {Chen, F. and Cui, Y. and Lutsyk-King, A. and Gao, Y. and Liu, X. and Cutumisu, M. and Leighton, J. P.},
  title     = {Validating a Novel Digital Performance-Based Assessment of Data Literacy: Psychometric and Eye-Tracking Analyses},
  journal   = {Education and Information Technologies},
  year      = {2024},
  volume    = {29},
  number    = {8},
  pages     = {9417--9444},
  doi       = {10.1007/s10639-023-12177-7},
  issn      = {1573-7608},
  url       = {https://doi.org/10.1007/s10639-023-12177-7}
}

@InProceedings{Schneider2013,
  author    = {Schneider, R.},
  title     = {Research Data Literacy},
  year      = {2013},
  month     = {10},
  pages     = {134--140},
  volume    = {397},
  isbn      = {978-3-319-03918-3},
  doi       = {10.1007/978-3-319-03919-0_16},
  booktitle = {Worldwide Commonalities and Challenges in Information Literacy Research and Practice},
  publisher = {Springer International Publishing}
}

@Inbook{Koltay2017,
  author    = {Koltay, T.},
  editor    = {Schuster, A. J.},
  title     = {Information Overload in a Data-Intensive World},
  booktitle = {Understanding Information: From the Big Bang to Big Data},
  year      = {2017},
  publisher = {Springer International Publishing},
  address   = {Cham},
  pages     = {197--217},
  doi       = {10.1007/978-3-319-59090-5_10},
  url       = {https://doi.org/10.1007/978-3-319-59090-5_10}
}

@article{Roetzel2019,
  author    = {Roetzel, P. G.},
  title     = {Information overload in the information age: a review of the literature from business administration, business psychology, and related disciplines with a bibliometric approach and framework development},
  journal   = {Business Research},
  year      = {2019},
  volume    = {12},
  number    = {2},
  pages     = {479--522},
  doi       = {10.1007/s40685-018-0069-z},
  url       = {https://doi.org/10.1007/s40685-018-0069-z}
}

@misc{ACRL2000,
  author = {{Association of College \& Research Libraries}},
  year = {2000},
  title = {Information Literacy Competency Standards for Higher Education},
  howpublished = {Brochure},
  address = {Chicago, IL},
  publisher = {American Library Association}
}

@article{Webber2017,
  author    = {Webber, S. A. and Johnston, B.},
  year      = {2017},
  month     = {03},
  title     = {Information literacy: Conceptions, context and the formation of a discipline},
  volume    = {11},
  journal   = {Journal of Information Literacy},
  doi       = {10.11645/11.1.2205}
}

@article{Pennycook2021,
  author    = {Pennycook, G. and Epstein, Z. and Mosleh, M. and Arechar, A. A. and Eckles, D. and Rand, D. G.},
  title     = {Shifting attention to accuracy can reduce misinformation online},
  journal   = {Nature},
  year      = {2021},
  volume    = {592},
  number    = {7855},
  pages     = {590--595},
  month     = {Apr},
  doi       = {10.1038/s41586-021-03344-2},
  url       = {https://doi.org/10.1038/s41586-021-03344-2}
}

@article{Pennycook2019,
  author    = {Pennycook, G. and Rand, D. G.},
  title     = {Lazy, not biased: Susceptibility to partisan fake news is better explained by lack of reasoning than by motivated reasoning},
  journal   = {Cognition},
  year      = {2019},
  volume    = {188},
  pages     = {39--50},
  month     = {Jul},
  doi       = {10.1016/j.cognition.2018.06.011},
  url       = {https://www.sciencedirect.com/science/article/pii/S001002771830163X},
  publisher = {Elsevier B.V.}
}

@article{Peikert2021,
  author = {Peikert, A. and Van Lissa, C. J. and Brandmaier, A. M.},
  title = {Reproducible research in R: A tutorial on how to do the same thing more than once},
  year = {2021},
  month = {Aug 9},
  doi = {10.31234/osf.io/fwxs4},
  url = {https://doi.org/10.31234/osf.io/fwxs4}
}

@article{Gal2002,
  author = {Gal, I.},
  title = {Adults' statistical literacy: Meanings, components, responsibilities},
  journal = {International Statistical Review / Revue Internationale de Statistique},
  year = {2002},
  volume = {70},
  number = {1},
  pages = {1--25},
  publisher = {[Wiley, International Statistical Institute (ISI)]},
  issn = {0306-7734, 1751-5823},
  doi ={10.2307/1403713},
  url = {http://www.jstor.org/stable/1403713}
}

@article{porter2019,
  author = {Porter, C. O. L. H. and Outlaw, R. and Gale, J. P. and Cho, T. S.},
  title = {The Use of Online Panel Data in Management Research: A Review and Recommendations},
  journal = {Journal of Management},
  year = {2019},
  volume = {45},
  number = {1},
  pages = {319--344},
  doi = {10.1177/0149206318811569},
  url = {https://doi.org/10.1177/0149206318811569}
}

@article{ward2023,
  author = {Ward, M. K. and Meade, A. W.},
  title = {Dealing with Careless Responding in Survey Data: Prevention, Identification, and Recommended Best Practices},
  journal = {Annual Review of Psychology},
  year = {2023},
  volume = {74},
  pages = {577--596},
  doi = {10.1146/annurev-psych-040422-045007},
  url = {https://www.annualreviews.org/content/journals/10.1146/annurev-psych-040422-045007}
}

@article{shields2005,
  author       = {Shields, M.},
  title        = {Information literacy, statistical literacy, data literacy},
  journal      = {IASSIST Quarterly},
  volume       = {28},
  number       = {2--3},
  year         = {2005},
  pages        = {6},
  doi          = {10.29173/iq790},
  url          = {https://doi.org/10.29173/iq790}
}

@article{gould2017,
  author       = {Gould, R.},
  title        = {Data literacy is statistical literacy},
  journal      = {Statistics Education Research Journal},
  volume       = {16},
  number       = {1},
  year         = {2017},
  pages        = {22--25},
  doi          = {10.52041/serj.v16i1.209},
  url          = {https://doi.org/10.52041/serj.v16i1.209}
}

@article{wolff2016,
  author       = {Wolff, A. and Gooch, D. and Montaner, J. J. C. and Rashid, U. and Kortuem, G.},
  title        = {Creating an Understanding of Data Literacy for a Data-driven Society},
  journal      = {The Journal of Community Informatics},
  volume       = {12},
  number       = {3},
  year         = {2016},
  pages        = {9--26},
  doi          = {10.15353/joci.v12i3.3275},
  url          = {https://doi.org/10.15353/joci.v12i3.3275}
}

@techreport{schüller2020,
  author       = {Schüller, K.},
  title        = {Future Skills: A Framework for Data Literacy},
  institution  = {Hochschulforum Digitalisierung},
  year         = {2020},
  type         = {Working Paper},
  number       = {53},
  address      = {Berlin},
  url          = {https://hochschulforumdigitalisierung.de/sites/default/files/dateien/HFD_AP_Nr_53_Data_Literacy_Framework.pdf},
  doi          = {10.5281/zenodo.3946067}
}

@article{prado2013,
  author = {Calzada-Prado, F. J. and Marzal, M. Á.},
  title = {Incorporating Data Literacy into Information Literacy Programs: Core Competencies and Contents},
  journal = {Libri},
  volume = {63},
  number = {2},
  year = {2013},
  pages = {123--134},
  doi = {10.1515/libri-2013-0010},
  url = {https://doi.org/10.1515/libri-2013-0010}
}

@article{frank2016,
  author = {Frank, M. and Walker, J. and Attard, J. and Tygel, A.},
  title = {Data Literacy: what is it and how can we make it happen? Editorial},
  journal = {The Journal of Community Informatics},
  volume = {12},
  number = {3},
  year = {2016},
  pages = {4--8}
}

@incollection{kubinger2005,
  author = {Kubinger, K.D. and Proyer, R.},
  title = {Gütekriterien},
  booktitle = {Grundwissen für die berufsbezogene Eignungsdiagnostik nach DIN 33430},
  editor = {Westhoff, K. and Helfritsch, L.J. and Hornke, L.F. and Kubinger, K.D. and Lang, F. and Moosbrugger, H. and Puschel, A. and Reimann, G. (Testkuratorium)},
  edition = {2},
  pages = {191--199},
  publisher = {Pabst},
  year = {2005},
  address = {Lengerich}
}

@article{rotter1966,
  author = {Rotter, J. B.},
  title = {Generalized Expectancies for Internal Versus External Control of Reinforcement},
  journal = {Psychological Monographs: General and Applied},
  volume = {80},
  number = {1},
  pages = {1--28},
  year = {1966},
  doi = {10.1037/h0092976}
}

@article{goldberg1990,
  author = {Goldberg, L.R.},
  title = {An Alternative "Description of Personality": The Big-Five Factor Structure},
  journal = {Journal of Personality and Social Psychology},
  volume = {59},
  number = {6},
  pages = {1216--1229},
  year = {1990},
  doi = {10.1037/0022-3514.59.6.1216}
}

@book{rosenberg1965,
  author = {Rosenberg, M.},
  title = {Society and the Adolescent Self-Image},
  publisher = {Princeton University Press},
  year = {1965}
}

@article{chang2012,
  author = {Chang, C.-H. and Ferris, D. L. and Johnson, R. E. and Rosen, C. C. and Tan, J. A.},
  title = {Core Self-Evaluations: A Review and Evaluation of the Literature},
  journal = {Journal of Management},
  volume = {38},
  number = {1},
  pages = {81--128},
  year = {2012},
  doi = {10.1177/0149206311419661}
}

@article{judge2001,
  author = {Judge, T. A. and Bono, J. E.},
  title = {Relationship of Core Self-Evaluations Traits—Self-Esteem, Generalized Self-Efficacy, Locus of Control, and Emotional Stability—With Job Satisfaction and Job Performance: A Meta-Analysis},
  journal = {Journal of Applied Psychology},
  volume = {86},
  number = {1},
  pages = {80--92},
  year = {2001},
  doi = {10.1037/0021-9010.86.1.80}
}

@article{judge1997,
  author = {Judge, T. A. and Locke, E. A. and Durham, C. C.},
  title = {The Dispositional Causes of Job Satisfaction: A Core Evaluations Approach},
  journal = {Research in Organizational Behavior},
  volume = {19},
  pages = {151--188},
  year = {1997}
}

@article{judge2003,
  author = {Judge, T. A. and Erez, A. and Bono, J. E. and Thoresen, C. J.},
  title = {The Core Self-Evaluations Scale: Development of a Measure},
  journal = {Personnel Psychology},
  volume = {56},
  number = {2},
  pages = {303--331},
  year = {2003},
  doi = {10.1111/j.1744-6570.2003.tb00152.x}
}

@article{cohen1955,
  author = {Cohen, A. R. and Stotland, E. and Wolfe, D. M.},
  title = {An experimental investigation of need for cognition},
  journal = {The Journal of Abnormal and Social Psychology},
  volume = {51},
  number = {2},
  pages = {291--294},
  year = {1955},
  doi = {10.1037/h0042761}
}

@article{sarnoff1954,
  author = {Sarnoff, I. and Katz, D.},
  title = {The motivational bases of attitude change},
  journal = {The Journal of Abnormal and Social Psychology},
  volume = {49},
  number = {1},
  pages = {115--124},
  year = {1954},
  doi = {10.1037/h0057453}
}

@book{asch1952,
  author = {Asch, S.},
  title = {Social Psychology},
  publisher = {Prentice Hall},
  address = {New York},
  year = {1952}
}

@book{murphy1947,
  author = {Murphy, G.},
  title = {Personality: A biosocial approach to origins and structure},
  publisher = {Harper},
  address = {New York},
  year = {1947}
}

@article{bless1994,
  author = {Bless, H. and Wänke, M. and Bohner, G. and Fellhauer, R. and Schwarz, N.},
  title = {Need for cognition: Eine Skala zur Erfassung von Engagement und Freude bei Denkaufgaben [Presentation and validation of a German version of the Need for Cognition Scale]},
  journal = {Zeitschrift für Sozialpsychologie},
  volume = {25},
  year = {1994},
  month = {Jan},
  pages = {147--154}
}

@article{maslow1943,
  author = {Maslow, A. H.},
  title = {A theory of human motivation},
  journal = {Psychological Review},
  volume = {50},
  number = {4},
  pages = {370--396},
  year = {1943},
  doi = {10.1037/h0054346},
  url = {https://doi.org/10.1037/h0054346}
}

@article{rear2019,
  author = {Rear, D.},
  title = {One size fits all? The limitations of standardised assessment in critical thinking},
  journal = {Assessment \& Evaluation in Higher Education},
  volume = {44},
  pages = {664--675},
  year = {2019}
}

@article{Cui2023,
  author = {Cui, Y. and Chen, F. and Lutsyk, A. and Leighton, J. and Cutumisu, M.},
  title = {Data literacy assessments: a systematic literature review},
  journal = {Assessment in Education: Principles, Policy \& Practice},
  volume = {30},
  pages = {1--21},
  year = {2023},
  month = {Feb},
  doi = {10.1080/0969594X.2023.2182737}
}

@article{Carmi2020,
  author = {Carmi, E. and Yates, S. J. and Lockley, E. and Pawluczuk, A.},
  title = {Data citizenship: Rethinking data literacy in the age of disinformation, misinformation, and malinformation},
  journal = {Internet Policy Review},
  volume = {9},
  number = {2},
  year = {2020},
  doi = {10.14763/2020.2.1481}
}

@article{payan2022,
  author = {Payan Carreira, R. and Sacau-Fontenla, A. and Rebelo, H. and Sebastião, L. and Pnevmatikos, D.},
  title = {Development and Validation of a Critical Thinking Assessment-Scale Short Form},
  journal = {Education Sciences},
  volume = {12},
  year = {2022},
  month = {12},
  pages = {938},
  doi = {10.3390/educsci12120938}
}

@article{reynolds2008,
  author = {Reynolds, S. J.},
  title = {Moral Attentiveness: Who Pays Attention to the Moral Aspects of Life?},
  journal = {Journal of Applied Psychology},
  volume = {93},
  number = {5},
  year = {2008},
  pages = {1027--1041},
  doi = {10.1037/0021-9010.93.5.1027}
}

@article{shannon1948,
  author = {Shannon, C. E.},
  title = {A Mathematical Theory of Communication},
  journal = {Bell System Technical Journal},
  volume = {27},
  number = {3},
  year = {1948},
  pages = {379--423}
}

@inproceedings{bates2009,
  title = {An Introduction to Metatheories, Theories, and Models},
  author = {Bates, M. J.},
  year = {2009},
  url = {https://api.semanticscholar.org/CorpusID:62396882}
}

@article{brillouin1953,
  author = {Brillouin, L.},
  title = {Negentropy principle of information},
  journal = {Journal of Applied Physics},
  volume = {24},
  number = {9},
  pages = {1152--1163},
  year = {1953}
}

@article{jaynes1957,
  author = {Jaynes, E. T.},
  title = {Information theory and statistical mechanics},
  journal = {Physical Review},
  volume = {106},
  number = {4},
  pages = {620--630},
  year = {1957}
}
